
@inproceedings{fetahu2021gazetteer,
  title={{Gazetteer Enhanced Named Entity Recognition for Code-Mixed Web Queries}},
  author={Fetahu, Besnik and Fang, Anjie and Rokhlenko, Oleg and Malmasi, Shervin},
  booktitle={Proceedings of the 44th International ACM SIGIR Conference on Research and Development in Information Retrieval},
  pages={1677--1681},
  year={2021}
}

@inproceedings{meng2021gemnet,
  title={{GEMNET: Effective gated gazetteer representations for recognizing complex entities in low-context input}},
  author={Meng, Tao and Fang, Anjie and Rokhlenko, Oleg and Malmasi, Shervin},
  booktitle={Proceedings of the 2021 Conference of the North American Chapter of the Association for Computational Linguistics: Human Language Technologies},
  pages={1499--1512},
  year={2021}
}